@article{owid-brief-history-of-ai,
    author = {Max Roser},
    title = {The brief history of artificial intelligence: the world has changed fast â€” what might be next?},
    journal = {Our World in Data},
    year = {2022},
    note = {https://ourworldindata.org/brief-history-of-ai}
}
% Demonstrations:
@misc{bard2023,
author = {Bard},
title = {Bard, a large language model from Google AI},
year = {2023}
}
@misc{copilot2023,
  author = {Microsoft and OpenAI},
  title = {Bing Chat},
  year = {2023}
}